@manual{inmetro2003,
	Author = {INMETRO},
	Title = {Vocabulário internacional de termos fundamentais e gerais de
	metrologia},
	Year = {2013},
	Address = {Rio de Janeiro, Brasil},
	Pages = {75},
	isbn = {85-87090-90-9},
}

@inproceedings{soviero1997,
	Author = {P. A. O. Soviero and L. G. M. Lavagna},
	Title = {A Numerical Model for Thin Airfoils in Unsteady Motion},
	Year = {1997},
	Pages = {332-340},
	Volume = {19},
	Number = {3},
	Booktitle = {Journal of the Brazilian Societyt Mechanical Sciences},	
}

@inproceedings{sparrow1980,
	Author = {E. M. Sparrow},
	Title = {Forced Convection Heat Transfer in a Duct Having Spanwise-Periodic
	Rectangular Protuberances},
	Year = {1980},
	Pages = {149-167},
	Volume = {3},
	Booktitle = {Numerical Heat Transfer},
}

@article{clark1986,
	Author = {J. A. Clark},
	Title = {Private Communication},
	Year = {1986},
	Address = {University of Michigan},
}

@article{arruda2007,
	Author = {M. B. B. Arruda},
	Title = {Como fazer referências: bibliográficas, eletrônicas e demais
	formas de documentos},
	Year = {2007},
	Url = {http://bu.ufsc.br/framerefer.html}
}

@article{coimbra1978,
	Author = {A. L. Coimbra},
	Title = {Lessons of Continuum Mechanics},
	Year = {1978},
	Address = {São Paulo, Brazil},
	Pages = {428},
	Editor = {Edgard Blücher},
}

@inproceedings{bordalo1989,
	Author = {S. N. Bordalo and J. H. Ferziger and S. J. Kline},
	Title = {The Development of Zonal Models for Turbulence},
	Year = {1989},
	Pages = {41-44},
	Booktitle = {Proceedings of the 10th Brazilian Congress of Mechanical
	Engineering}, 
	Volume = {1},	
}

@manual{NBR14724:2011,
	Address = {Rio de Janeiro},
	Date-Added = {2012-12-15 20:34:08 +0000},
	Date-Modified = {2012-12-15 20:35:25 +0000},
	Month = mar,
	Org-Short = {ABNT},
	Organization = {Associa{\c c}\~ao Brasileira de Normas T\'ecnicas},
	Pages = 15,
	Subtitle = {Informa{\c c}\~ao e documenta{\c c}\~ao --- trabalhos acad\^emicos --- apresenta{\c c}\~ao},
	Title = {{NBR} 14724},
	Year = 2011
}

@manual{NBR6034:2000,
	Address = {Rio de Janeiro},
	Org-Short = {ABNT},
	Organization = {Associa{\c c}\~ao Brasileira de Normas T\'ecnicas},
	Subtitle = {Informa{\c c}\~ao e documenta{\c c}\~ao --- Referências},
	Title = {{NBR} 14724},
	Year = 2000
}

@article{deissenboeck2011,
	Author = {F. Deissenboeck and L. Heinemann and M. Herrmannsdoerfer
	and K. Lochmann and S. Wagner},
	Title = {The Quamoco tool chain for quality modeling and assessment},
	Year = {2011},
	Address = {Proceedings of the 33rd International Conference on Software Engineering,
	ICSE ’11, New York, NY, USA: ACM},
	Url = {https://www.cqse.eu/publications/2011-the-quamoco-tool-chain-for-quality-modeling-and-assessment.pdf}
}

@article{meirellesCibse2015,
	Author = {P. Meirelles and D. Camarinha and R. Manzo},
	Title = {Abordagem e plataforma para o monitoramento de
	métricas estáticas de código-fonte},
	Year = {2015},
	Address = {Insitituto de Matemática e Estatística (IME)
	 - Universidade de São Paulo (USP)},
	Url = {https://github.com/mezuro/mezuro-presentations/tree/master/articles/cibse-set-2015}
}

@article{camarinhaOSS2015,
	Author = {D. Camarinha and R. Manzo and P. Meirelles and F. Kon},
	Title = {Envolving FLOSS Source Code Metrics Tracking to
	the Cloud},
	Year = {2015},
	Address = {Insitituto de Matemática e Estatística (IME)
	- Universidade de São Paulo (USP) and Faculdade do Gama
	- Universidade de Brasília (UnB)},
	Url = {https://github.com/mezuro/mezuro-presentations/tree/oss-article/articles/oss-2015}
}

@article{messias2012,
	Author = {R. M. Martins},
	Title = {Técnicas de Visualização para Avaliação e
	Melhoria de Qualidade de Software Livre e Aberto},
	Year = {2012},
	Address = {Tese (Doutorado) - Instituto de Ciências Matemáticas
	e de Computação - ICMC-USP},
}

@article{filgueiras2014mezuro,
  title={Mezuro, evolu{\c{c}}{\~a}o de software livre: da arquitetura {\`a} experi{\^e}ncia do usu{\'a}rio},
  author={Filgueiras, Renan Costa and Meneses, Vin{\'\i}cius Vieira},
  year={2014}
}

@article{lanza2005codecrawler,
  title={Codecrawler-an extensible and language independent 2d and 3d software visualization tool},
  author={Lanza, Michele and Ducasse, St{\'e}phane},
  journal={Tools for Software Maintenance and Reengineering, RCOST/Software Technology Series},
  pages={74--94},
  year={2005}
}

@article{dosvisualizacc,
  title={Visualiza{\c{c}} ao de Software como Suporte ao Desenvolvimento Centrado em M{\'e}tricas Orientadas a Objetos},
  author={dos Santos, Elidiane Pereira and Andrade, Sandro Santos}
}

@article{ramosanalise,
  title={An{\'a}lise de M{\'e}tricas Est{\'a}ticas para Sistemas JavaScript},
  author={Ramos, Miguel Esteban and Valente, Marco Tulio}
}

@article{ducasseunderstanding,
  title={Understanding software evolution using a combination of software visualization and software metrics},
  author={Ducasse, Michele Lanza—St{\'e}phane}
}

@inproceedings{lanza2001evolution,
  title={The evolution matrix: Recovering software evolution using software visualization techniques},
  author={Lanza, Michele},
  booktitle={Proceedings of the 4th international workshop on principles of software evolution},
  pages={37--42},
  year={2001},
  organization={ACM}
}

@book{riel1996object,
  title={Object-oriented design heuristics},
  author={Riel, Arthur J},
  volume={338},
  year={1996},
  publisher={Addison-Wesley Reading}
}